@book{thompson:1961,
	author = {D'Arcy Wentworth Thompson},
	title = {On Growth and Form},
	publisher = {Cambridge University Press},
	address = {Cambridge},
	year = {1961}
}

@book{nixon:2019,
	author = {Mark S. Nixon and Alberto S. Aguado},
	title = {Feature Extraction and Image Processing for Computer Vision},
	publisher = {Academic press},
	year = {2019}
}

@book{lestrel:1997,
	author = {Pete E. Lestrel},
	title = {Fourier Descriptors and Their Applications in Biology},
	publisher = {Cambridge University Press},
	address = {Cambridge},
	year = {1997}
}

@book{cartwright:1990,
	author = {Mark Cartwright},
	title = {Fourier Methods for Mathematicians, Scientists and Engineers},
	publisher = {Ellis Horwood},
	address = {Chichester},
	year = {1990}
}

@book{dryden:2016,
	author = {Ian L. Dryden and Kanti V. Mardia},
	title = {Statistical Shape Analysis, with Applications in R},
	publisher = {John Wiley \& Sons},
	address = {Hoboken, New Jersey, United States},
	year = {2016}
}
